<record xmlns="http://www.loc.gov/MARC21/slim" xmlns:xsi="http://www.w3.org/2001/XMLSchema-instance" xsi:schemaLocation="http://www.loc.gov/MARC21/slim http://www.loc.gov/standards/marcxml/schema/MARC21slim.xsd">

  <leader>00525nam a2200169Ia 4500</leader>
  <datafield ind1=" " tag="999" ind2=" ">
    <subfield code="c">1151</subfield>
    <subfield code="d">1151</subfield>
  </datafield>
  <controlfield tag="008">170313b2005    CR ||||| |||| 00| | spa d</controlfield>
  <datafield ind2=" " tag="090" ind1=" ">
    <subfield code="a">18.01.01 </subfield>
    <subfield code="b">994</subfield>
  </datafield>
  <datafield ind1="1" ind2=" " tag="100">
    <subfield code="a">Castro Bonilla, Julieta</subfield>
    <subfield code="9">1082</subfield>
  </datafield>
  <datafield ind1="1" tag="245" ind2="0">
    <subfield code="a">Jornadas de investigación, actividades pre-congreso, octubre 2004/ </subfield>
    <subfield code="c">Julieta Castro Bonilla</subfield>
  </datafield>
  <datafield ind1=" " tag="260" ind2=" ">
    <subfield code="a">San José, C.R. : </subfield>
    <subfield code="b">INIE, </subfield>
    <subfield code="c">2005</subfield>
  </datafield>
  <datafield ind2=" " tag="300" ind1=" ">
    <subfield code="a">84 páginas</subfield>
  </datafield>
  <datafield ind2=" " tag="500" ind1=" ">
    <subfield code="a">Informe Final</subfield>
  </datafield>
  <datafield ind2="4" tag="650" ind1="1">
    <subfield code="a">INVESTIGACIÓN</subfield>
    <subfield code="9">163</subfield>
  </datafield>
  <datafield ind2="4" tag="650" ind1="1">
    <subfield code="a">INFORME DE INVESTIGACION</subfield>
  </datafield>
  <datafield tag="650" ind2="4" ind1="1">
    <subfield code="a">EDUCACIÓN</subfield>
  </datafield>
  <datafield ind2=" " tag="942" ind1=" ">
    <subfield code="2">z</subfield>
    <subfield code="c">01</subfield>
  </datafield>
</record>